Date,CustomerID,Region,ProductCategory,Revenue,Expenses,Profit
2022-05-31,1084,East,Loans,48111,4850,43261
2021-03-31,1146,North,Mutual Funds,16867,15299,1568
2020-08-31,1623,West,Mutual Funds,7745,12698,-4953
2021-09-30,1380,South,Bonds,8866,21348,-12482
2021-07-31,1914,North,Insurance,37245,6594,30651
2021-11-30,1547,North,Bonds,49724,27525,22199
2020-11-30,1284,East,Loans,10818,16282,-5464
2020-11-30,1699,East,Loans,35116,18285,16831
2021-12-31,1081,South,Loans,20493,16334,4159
2022-12-31,1513,North,Bonds,33038,8644,24394
2021-12-31,1896,North,Mutual Funds,25447,4850,20597
2020-03-31,1814,East,Mutual Funds,35431,16933,18498
2021-10-31,1708,North,Equity,22908,2165,20743
2020-02-29,1915,North,Loans,34336,12701,21635
2021-12-31,1522,North,Mutual Funds,45992,2919,43073
2022-06-30,1745,East,Equity,9025,10305,-1280
2020-02-29,1385,South,Mutual Funds,25093,21888,3205
2021-09-30,1706,West,Loans,11155,19375,-8220
2022-09-30,1470,South,Insurance,38487,17715,20772
2020-12-31,1118,West,Loans,25963,24431,1532
2021-10-31,1395,North,Bonds,25936,5839,20097
2022-01-31,1531,South,Mutual Funds,9426,19642,-10216
2022-03-31,1260,West,Mutual Funds,28303,25993,2310
2022-04-30,1804,East,Bonds,32606,13618,18988
2021-04-30,1933,East,Bonds,33151,27090,6061
2021-03-31,1255,South,Insurance,18767,15519,3248
2020-03-31,1733,South,Mutual Funds,16308,23188,-6880
2020-07-31,1904,North,Mutual Funds,49245,29772,19473
2021-09-30,1225,South,Insurance,29770,12776,16994
2020-09-30,1052,North,Equity,33572,2067,31505
2021-06-30,1939,North,Insurance,46448,11788,34660
2020-04-30,1866,East,Loans,7204,7660,-456
2022-01-31,1499,East,Mutual Funds,32233,6478,25755
2021-02-28,1505,West,Bonds,26729,10210,16519
2020-09-30,1853,East,Loans,36131,12922,23209
2022-02-28,1363,East,Mutual Funds,38870,5521,33349
2020-02-29,1279,South,Insurance,43011,2572,40439
2021-08-31,1592,East,Loans,44382,9082,35300
2022-04-30,1713,West,Mutual Funds,46475,26216,20259
2020-07-31,1157,South,Equity,26607,7395,19212
2020-08-31,1631,West,Equity,29968,17407,12561
2022-11-30,1058,East,Bonds,38398,20642,17756
2021-02-28,1726,West,Mutual Funds,16908,13094,3814
2021-05-31,1127,South,Equity,31423,24423,7000
2022-12-31,1735,North,Insurance,48615,2650,45965
2020-04-30,1720,West,Mutual Funds,14171,7741,6430
2020-02-29,1881,West,Insurance,17721,15281,2440
2020-06-30,1114,South,Insurance,21616,8838,12778
2020-04-30,1208,South,Equity,47512,20971,26541
2022-05-31,1525,West,Mutual Funds,43458,26260,17198
2021-06-30,1520,East,Loans,12659,5262,7397
2022-02-28,1551,West,Equity,48369,19722,28647
2022-10-31,1961,South,Equity,16704,6996,9708
2020-10-31,1236,North,Mutual Funds,37793,13826,23967
2022-12-31,1280,North,Mutual Funds,36226,24164,12062
2021-02-28,1358,East,Insurance,28852,4827,24025
2022-07-31,1200,West,Mutual Funds,37082,16211,20871
2021-03-31,1757,North,Insurance,27794,7232,20562
2020-08-31,1277,West,Equity,46420,4217,42203
2021-02-28,1234,South,Bonds,18379,21923,-3544
2021-11-30,1493,North,Loans,12006,26229,-14223
2021-09-30,1003,East,Equity,13682,16232,-2550
2021-04-30,1665,South,Mutual Funds,38840,27613,11227
2021-06-30,1441,East,Loans,37430,16026,21404
2021-12-31,1028,South,Bonds,28091,22767,5324
2022-02-28,1108,North,Bonds,37983,21345,16638
2022-01-31,1609,East,Insurance,28989,21610,7379
2022-05-31,1726,East,Loans,14915,15878,-963
2021-03-31,1804,South,Insurance,47552,8837,38715
2020-01-31,1074,East,Equity,23990,9031,14959
2022-01-31,1837,South,Loans,29734,16806,12928
2020-07-31,1145,South,Equity,19824,27674,-7850
2020-09-30,1127,South,Insurance,41081,28900,12181
2021-12-31,1852,South,Loans,16033,27515,-11482
2020-01-31,1041,North,Insurance,47736,5716,42020
2020-08-31,1355,South,Loans,21241,5414,15827
2021-12-31,1040,West,Insurance,10939,19832,-8893
2020-11-30,1933,East,Bonds,40063,2570,37493
2021-05-31,1033,West,Insurance,39464,21288,18176
2020-08-31,1016,North,Bonds,16185,15288,897
2022-11-30,1676,West,Insurance,32045,20889,11156
2022-11-30,1152,East,Loans,49769,2917,46852
2022-09-30,1997,West,Loans,24167,12066,12101
2020-05-31,1377,North,Loans,41412,8982,32430
2022-04-30,1587,South,Mutual Funds,26625,25811,814
2020-07-31,1598,West,Equity,44188,8336,35852
2020-09-30,1628,North,Loans,32076,20062,12014
2020-08-31,1873,North,Bonds,49605,18999,30606
2020-12-31,1341,East,Loans,24029,11941,12088
2022-10-31,1980,East,Mutual Funds,27973,25470,2503
2022-09-30,1026,West,Bonds,44121,14380,29741
2021-11-30,1824,South,Mutual Funds,36433,29053,7380
2021-12-31,1286,North,Bonds,48309,23133,25176
2022-11-30,1645,West,Insurance,6932,21889,-14957
2021-10-31,1730,North,Equity,49254,13667,35587
2022-03-31,1167,North,Equity,6757,6529,228
2022-11-30,1609,South,Mutual Funds,35722,19519,16203
2020-01-31,1267,South,Equity,42853,14192,28661
2022-11-30,1748,West,Mutual Funds,43405,10566,32839
2021-02-28,1820,South,Mutual Funds,6116,9226,-3110
2020-03-31,1454,South,Mutual Funds,48527,7162,41365
2020-01-31,1905,West,Equity,16691,18590,-1899
2020-05-31,1684,South,Mutual Funds,5492,23259,-17767
2022-02-28,1400,East,Equity,32882,3319,29563
2021-02-28,1921,North,Mutual Funds,13811,3141,10670
2022-03-31,1980,North,Loans,32808,6627,26181
2020-09-30,1475,North,Mutual Funds,29272,25773,3499
2021-03-31,1701,North,Bonds,33399,16501,16898
2021-03-31,1633,West,Mutual Funds,11474,4690,6784
2022-02-28,1557,North,Insurance,31956,9323,22633
2021-01-31,1575,North,Mutual Funds,47506,5255,42251
2022-08-31,1129,North,Bonds,18979,26665,-7686
2022-08-31,1821,North,Bonds,49523,7213,42310
2020-04-30,1362,East,Equity,47565,6108,41457
2022-06-30,1704,North,Loans,33328,21404,11924
2021-11-30,1818,East,Mutual Funds,17867,20241,-2374
2021-03-31,1692,West,Equity,30851,27380,3471
2022-05-31,1291,South,Loans,36279,27520,8759
2022-12-31,1370,North,Mutual Funds,35527,21173,14354
2021-01-31,1793,South,Insurance,12866,22259,-9393
2022-08-31,1028,South,Mutual Funds,20449,25989,-5540
2020-07-31,1148,West,Bonds,15685,11802,3883
2021-10-31,1778,South,Bonds,28544,26519,2025
2022-04-30,1295,East,Insurance,10451,29499,-19048
2020-02-29,1010,South,Equity,26642,24439,2203
2020-06-30,1511,South,Loans,46316,22266,24050
2022-04-30,1675,South,Mutual Funds,44954,13413,31541
2022-04-30,1112,North,Bonds,43870,16995,26875
2021-08-31,1186,North,Equity,36030,25559,10471
2022-06-30,1806,East,Insurance,35873,14583,21290
2020-11-30,1743,East,Bonds,5619,25513,-19894
2022-04-30,1226,North,Insurance,38650,7021,31629
2022-01-31,1309,East,Mutual Funds,30372,23119,7253
2022-09-30,1097,North,Loans,8642,20771,-12129
2020-01-31,1054,West,Bonds,33001,8582,24419
2022-03-31,1622,South,Bonds,39064,15455,23609
2021-01-31,1663,South,Mutual Funds,34290,27517,6773
2020-03-31,1757,East,Equity,19122,15117,4005
2020-06-30,1405,North,Loans,29820,24250,5570
2020-08-31,1068,North,Bonds,7895,20950,-13055
2022-03-31,1311,East,Loans,10366,19359,-8993
2020-09-30,1288,North,Bonds,13711,25596,-11885
2022-09-30,1761,West,Loans,24596,27530,-2934
2021-12-31,1547,South,Insurance,23793,3262,20531
2021-03-31,1750,East,Bonds,13199,23431,-10232
2022-08-31,1147,East,Loans,15717,27519,-11802
2022-08-31,1466,North,Equity,41191,28778,12413
2021-12-31,1738,East,Insurance,15211,9382,5829
2020-12-31,1243,West,Insurance,28360,24615,3745
2020-02-29,1490,North,Equity,26542,5327,21215
2020-03-31,1848,North,Loans,36312,24014,12298
2021-05-31,1957,North,Mutual Funds,41435,20643,20792
2020-02-29,1506,North,Equity,33247,12020,21227
2020-02-29,1364,West,Loans,27357,19641,7716
2022-04-30,1481,North,Equity,46045,18848,27197
2021-11-30,1200,East,Equity,32691,16062,16629
2022-08-31,1153,West,Bonds,17424,21678,-4254
2022-09-30,1449,South,Loans,23852,8774,15078
2020-01-31,1500,South,Mutual Funds,27601,17160,10441
2021-07-31,1072,East,Bonds,23020,25815,-2795
2020-02-29,1712,East,Equity,13155,3230,9925
2022-02-28,1295,West,Equity,8583,29230,-20647
2022-08-31,1016,South,Equity,20515,11076,9439
2020-06-30,1640,South,Loans,41777,5805,35972
2022-08-31,1216,South,Loans,24710,24803,-93
2020-04-30,1060,South,Bonds,48178,16715,31463
2020-11-30,1938,South,Mutual Funds,29532,7750,21782
2021-05-31,1615,North,Bonds,23601,17627,5974
2021-12-31,1041,East,Insurance,9967,15232,-5265
2020-05-31,1024,North,Equity,23753,22240,1513
2022-10-31,1038,South,Equity,25022,5135,19887
2020-06-30,1802,West,Equity,48463,8953,39510
2021-10-31,1130,West,Bonds,14135,27500,-13365
2020-11-30,1497,South,Bonds,10722,24418,-13696
2021-04-30,1228,South,Equity,32413,22973,9440
2022-09-30,1107,West,Bonds,32236,3546,28690
2020-09-30,1171,North,Loans,20514,17457,3057
2020-06-30,1434,North,Loans,48896,24449,24447
2021-04-30,1477,South,Bonds,42212,19478,22734
2022-05-31,1101,North,Equity,45386,4411,40975
2020-03-31,1865,West,Bonds,25331,21001,4330
2021-08-31,1523,North,Bonds,23060,16113,6947
2022-12-31,1274,South,Bonds,6196,27338,-21142
2021-07-31,1612,West,Insurance,17297,28899,-11602
2022-02-28,1043,North,Loans,7787,6145,1642
2020-03-31,1954,East,Mutual Funds,28816,4775,24041
2021-07-31,1816,West,Mutual Funds,45695,15193,30502
2021-08-31,1956,West,Insurance,24702,14851,9851
2022-08-31,1016,East,Bonds,30242,15070,15172
2020-07-31,1329,East,Insurance,7176,25012,-17836
2022-09-30,1568,West,Insurance,25127,21539,3588
2021-06-30,1822,East,Equity,46560,5970,40590
2020-01-31,1496,South,Loans,32228,26356,5872
2020-11-30,1814,South,Mutual Funds,25208,28616,-3408
2022-04-30,1011,South,Bonds,33482,16119,17363
2022-01-31,1317,West,Mutual Funds,14171,27159,-12988
2021-11-30,1591,East,Mutual Funds,40219,23799,16420
2022-07-31,1215,East,Loans,38396,6331,32065
2022-06-30,1338,North,Mutual Funds,47589,12295,35294
2022-11-30,1775,North,Mutual Funds,45546,3942,41604
2020-07-31,1990,East,Insurance,8696,24410,-15714
2021-04-30,1660,East,Loans,25058,26685,-1627
2022-02-28,1080,East,Equity,25313,18575,6738
2020-02-29,1726,West,Bonds,24149,27479,-3330
2020-01-31,1484,East,Mutual Funds,46075,15404,30671
2020-12-31,1373,North,Bonds,9956,2861,7095
2020-05-31,1975,West,Equity,15195,25095,-9900
2022-08-31,1709,East,Bonds,22076,11275,10801
2020-09-30,1199,North,Equity,6105,19033,-12928
2022-11-30,1536,West,Insurance,20417,6134,14283
2021-07-31,1465,East,Mutual Funds,29729,13803,15926
2021-04-30,1088,East,Equity,35099,17408,17691
2020-03-31,1267,East,Bonds,37598,25971,11627
2021-08-31,1654,West,Mutual Funds,34961,27212,7749
2021-12-31,1570,North,Insurance,17602,19420,-1818
2022-09-30,1921,North,Mutual Funds,14256,18351,-4095
2021-12-31,1488,South,Equity,25584,6131,19453
2020-11-30,1876,East,Insurance,39681,20532,19149
2020-08-31,1537,South,Bonds,30792,14057,16735
2022-12-31,1046,South,Insurance,26904,13349,13555
2021-08-31,1287,North,Insurance,48361,13486,34875
2022-11-30,1777,West,Loans,39540,7457,32083
2022-01-31,1015,West,Insurance,31536,8079,23457
2022-11-30,1710,North,Insurance,24164,14453,9711
2022-01-31,1400,West,Mutual Funds,17996,20814,-2818
2022-05-31,1918,South,Bonds,7871,20263,-12392
2021-06-30,1793,East,Mutual Funds,27626,14158,13468
2021-06-30,1980,North,Mutual Funds,15521,17735,-2214
2020-02-29,1085,East,Equity,48410,17830,30580
2022-11-30,1249,West,Mutual Funds,6132,17125,-10993
2021-04-30,1390,East,Loans,38467,13905,24562
2022-12-31,1781,West,Loans,19534,25926,-6392
2022-09-30,1334,West,Equity,28854,14298,14556
2020-04-30,1628,South,Bonds,47998,4011,43987
2022-09-30,1518,West,Bonds,44065,5373,38692
2021-02-28,1136,South,Mutual Funds,12812,12335,477
2021-09-30,1882,South,Mutual Funds,9557,25741,-16184
2021-08-31,1687,South,Mutual Funds,7179,12692,-5513
2020-08-31,1839,North,Bonds,48798,16527,32271
2020-07-31,1497,North,Insurance,14065,14773,-708
2020-03-31,1826,West,Loans,13275,3289,9986
2021-05-31,1726,South,Insurance,40948,3447,37501
2022-09-30,1476,North,Insurance,25700,21583,4117
2020-12-31,1593,South,Bonds,44464,24765,19699
2021-10-31,1222,East,Insurance,47351,28519,18832
2021-10-31,1989,East,Equity,32794,25906,6888
2022-06-30,1371,East,Mutual Funds,33783,24443,9340
2020-08-31,1934,West,Equity,21998,21567,431
2022-03-31,1994,South,Loans,18869,16139,2730
2022-03-31,1401,East,Mutual Funds,49525,15757,33768
2022-10-31,1442,North,Insurance,33152,7462,25690
2021-09-30,1489,East,Loans,25954,21600,4354
2022-06-30,1614,East,Mutual Funds,36555,21520,15035
2022-09-30,1272,East,Insurance,21654,21702,-48
2022-04-30,1525,West,Equity,40236,21166,19070
2022-09-30,1158,North,Mutual Funds,20042,27566,-7524
2020-05-31,1151,South,Insurance,30966,9657,21309
2021-07-31,1994,North,Equity,49314,6920,42394
2020-04-30,1619,South,Loans,19270,12345,6925
2022-11-30,1187,West,Loans,35908,24708,11200
2021-05-31,1812,West,Loans,20523,24711,-4188
2022-04-30,1097,West,Loans,24991,10417,14574
2022-06-30,1130,West,Bonds,15775,19160,-3385
2022-05-31,1804,South,Mutual Funds,17265,29413,-12148
2020-06-30,1170,East,Mutual Funds,24459,7208,17251
2022-11-30,1935,South,Bonds,21673,2687,18986
2021-12-31,1985,North,Insurance,32056,18913,13143
2022-05-31,1182,West,Insurance,11614,23451,-11837
2022-07-31,1982,West,Loans,41020,15223,25797
2022-11-30,1363,North,Equity,12415,10080,2335
2022-09-30,1038,South,Insurance,28155,23902,4253
2021-09-30,1526,East,Equity,48884,20537,28347
2022-08-31,1887,East,Mutual Funds,21964,11486,10478
2021-11-30,1496,North,Equity,42726,8094,34632
2022-09-30,1515,East,Mutual Funds,42044,25358,16686
2020-03-31,1348,South,Bonds,42544,28102,14442
2021-06-30,1981,South,Bonds,37252,23158,14094
2022-01-31,1920,North,Loans,8832,9692,-860
2022-07-31,1396,South,Insurance,30275,13088,17187
2020-03-31,1721,West,Loans,19901,5103,14798
2021-12-31,1160,North,Mutual Funds,43213,4440,38773
2022-08-31,1015,South,Loans,39148,22519,16629
2021-10-31,1492,North,Equity,47633,9124,38509
2021-11-30,1425,East,Mutual Funds,27918,23585,4333
2020-02-29,1107,South,Bonds,24540,19228,5312
2022-03-31,1893,West,Insurance,16580,16031,549
2020-02-29,1449,South,Mutual Funds,43402,16536,26866
2022-02-28,1310,North,Mutual Funds,43578,2446,41132
2021-05-31,1738,North,Equity,29917,5915,24002
2022-09-30,1169,South,Insurance,27318,17787,9531
2020-09-30,1545,West,Bonds,15179,21493,-6314
2022-05-31,1413,West,Mutual Funds,17251,19618,-2367
2022-02-28,1250,West,Mutual Funds,24493,8587,15906
2022-11-30,1758,North,Equity,25466,2226,23240
2022-01-31,1780,South,Loans,35206,22527,12679
2021-12-31,1140,East,Bonds,24624,25569,-945
2021-01-31,1273,North,Insurance,31564,13151,18413
2020-07-31,1415,West,Mutual Funds,27412,7558,19854
2022-12-31,1607,South,Mutual Funds,32990,28406,4584
2021-08-31,1738,West,Bonds,40517,13971,26546
2020-01-31,1890,East,Loans,18156,2186,15970
2020-08-31,1038,West,Mutual Funds,28064,16680,11384
2021-04-30,1813,West,Bonds,30711,16559,14152
2021-02-28,1028,East,Equity,35106,13069,22037
2020-12-31,1957,South,Loans,21589,4535,17054
2021-11-30,1476,North,Insurance,28736,3932,24804
2021-03-31,1317,South,Mutual Funds,25975,29500,-3525
2022-04-30,1244,East,Bonds,41218,27424,13794
2022-10-31,1747,West,Equity,12214,4032,8182
2020-02-29,1696,South,Insurance,35581,3252,32329
2022-08-31,1271,North,Bonds,25195,7509,17686
2021-11-30,1439,East,Bonds,49582,7074,42508
2021-10-31,1747,South,Insurance,32127,15900,16227
2022-01-31,1238,North,Equity,10141,16523,-6382
2021-10-31,1376,East,Equity,33884,3881,30003
2021-10-31,1265,North,Loans,29885,2269,27616
2020-06-30,1925,East,Mutual Funds,7708,3630,4078
2021-03-31,1920,West,Insurance,23375,22789,586
2022-09-30,1358,South,Insurance,20088,29779,-9691
2020-08-31,1339,North,Insurance,49602,24523,25079
2020-05-31,1388,East,Equity,15014,19958,-4944
2020-04-30,1576,North,Mutual Funds,8273,15383,-7110
2020-06-30,1989,North,Loans,42306,18152,24154
2022-08-31,1688,South,Bonds,35881,13084,22797
2022-06-30,1002,West,Bonds,36486,3695,32791
2022-11-30,1428,North,Insurance,17541,21642,-4101
2021-04-30,1141,East,Mutual Funds,13712,16821,-3109
2021-01-31,1375,East,Equity,14168,5262,8906
2022-06-30,1669,West,Mutual Funds,8551,3445,5106
2021-07-31,1323,East,Mutual Funds,17297,24647,-7350
2021-05-31,1145,West,Equity,48733,26795,21938
2021-07-31,1957,East,Insurance,32128,18436,13692
2022-04-30,1292,South,Mutual Funds,7832,11949,-4117
2022-02-28,1664,North,Bonds,33483,23954,9529
2022-02-28,1431,South,Equity,27063,25963,1100
2021-11-30,1704,North,Loans,27963,20050,7913
2020-09-30,1948,North,Insurance,18422,8901,9521
2020-12-31,1974,North,Equity,37920,21169,16751
2020-01-31,1584,South,Loans,16156,2719,13437
2020-01-31,1398,North,Loans,16108,10597,5511
2022-10-31,1816,South,Mutual Funds,36845,8855,27990
2022-08-31,1888,West,Mutual Funds,7800,20678,-12878
2022-01-31,1343,East,Mutual Funds,43078,10263,32815
2020-01-31,1963,East,Equity,47712,16520,31192
2021-04-30,1139,North,Equity,7610,28629,-21019
2020-05-31,1186,South,Insurance,17067,27805,-10738
2021-10-31,1804,East,Mutual Funds,38872,28143,10729
2022-05-31,1060,South,Loans,15728,13874,1854
2020-03-31,1996,South,Bonds,34566,29529,5037
2020-12-31,1938,North,Insurance,34783,22866,11917
2022-02-28,1379,East,Equity,25583,16079,9504
2021-04-30,1709,North,Insurance,25238,19082,6156
2021-10-31,1806,North,Insurance,12263,9243,3020
2022-05-31,1439,East,Insurance,6914,11018,-4104
2021-02-28,1318,East,Insurance,28749,24302,4447
2022-04-30,1301,West,Bonds,24456,18732,5724
2020-05-31,1343,West,Mutual Funds,30582,23758,6824
2022-06-30,1010,South,Loans,5406,14100,-8694
2020-05-31,1061,East,Insurance,18689,26253,-7564
2020-12-31,1844,West,Insurance,37934,18691,19243
2021-04-30,1225,South,Insurance,38276,21800,16476
2022-02-28,1152,South,Mutual Funds,41432,28910,12522
2022-02-28,1710,South,Equity,24873,6820,18053
2021-09-30,1563,West,Equity,18050,13001,5049
2022-12-31,1771,East,Bonds,5680,15907,-10227
2022-09-30,1570,North,Equity,23908,21942,1966
2022-06-30,1583,South,Insurance,23504,22862,642
2021-11-30,1659,West,Insurance,26644,13669,12975
2020-10-31,1860,West,Insurance,42125,24915,17210
2020-05-31,1574,North,Bonds,6363,23004,-16641
2022-12-31,1309,North,Insurance,47291,17916,29375
2022-10-31,1884,West,Equity,40060,12878,27182
2022-07-31,1242,East,Mutual Funds,6538,4985,1553
2020-10-31,1492,North,Mutual Funds,41176,10112,31064
2021-07-31,1365,West,Loans,46520,10467,36053
2022-08-31,1329,North,Equity,30675,20931,9744
2020-01-31,1106,East,Insurance,23287,29340,-6053
2020-05-31,1225,South,Mutual Funds,5174,2336,2838
2020-04-30,1824,North,Equity,31732,12165,19567
2021-04-30,1217,East,Mutual Funds,39998,21363,18635
2021-12-31,1936,West,Insurance,42055,14768,27287
2021-04-30,1752,North,Mutual Funds,17112,5968,11144
2020-02-29,1505,North,Loans,44874,2910,41964
2022-04-30,1258,West,Loans,14689,20380,-5691
2022-08-31,1887,South,Mutual Funds,49814,17632,32182
2022-03-31,1773,West,Equity,24555,18279,6276
2021-08-31,1516,North,Equity,38919,5129,33790
2021-12-31,1772,West,Equity,12619,7447,5172
2020-12-31,1053,East,Mutual Funds,11033,8129,2904
2022-11-30,1046,West,Equity,46328,7850,38478
2022-09-30,1726,North,Insurance,9946,22588,-12642
2022-09-30,1688,West,Loans,29618,9446,20172
2020-12-31,1520,South,Insurance,39675,13949,25726
2020-03-31,1098,West,Equity,41258,10519,30739
2020-01-31,1019,South,Insurance,23919,28375,-4456
2022-09-30,1889,East,Equity,9173,2314,6859
2020-10-31,1752,South,Mutual Funds,48833,13737,35096
2022-05-31,1572,West,Insurance,31400,3134,28266
2021-01-31,1890,North,Mutual Funds,9769,12938,-3169
2020-12-31,1489,South,Mutual Funds,42564,23260,19304
2022-07-31,1418,East,Bonds,19211,26486,-7275
2020-02-29,1689,South,Equity,28255,17588,10667
2022-11-30,1849,South,Loans,32962,28096,4866
2021-11-30,1061,South,Equity,24356,10347,14009
2021-05-31,1144,East,Loans,25306,7592,17714
2022-02-28,1215,West,Equity,9997,20108,-10111
2020-08-31,1002,South,Mutual Funds,22376,21727,649
2022-05-31,1159,South,Insurance,45880,19270,26610
2022-02-28,1738,North,Insurance,43055,29649,13406
2020-10-31,1997,East,Bonds,15578,12997,2581
2022-02-28,1780,South,Loans,23624,2721,20903
2022-10-31,1119,East,Loans,44194,26062,18132
2020-07-31,1892,South,Loans,49367,11104,38263
2020-04-30,1088,West,Mutual Funds,5389,21741,-16352
2020-11-30,1328,West,Loans,38767,2870,35897
2022-05-31,1579,South,Insurance,6855,8751,-1896
2022-12-31,1909,West,Mutual Funds,45893,18881,27012
2022-01-31,1356,South,Equity,18794,3756,15038
2021-09-30,1609,West,Loans,40531,3117,37414
2022-12-31,1266,North,Loans,9986,13601,-3615
2020-10-31,1616,North,Equity,37298,4828,32470
2020-09-30,1951,North,Loans,6481,16996,-10515
2021-12-31,1322,East,Equity,8731,20031,-11300
2022-11-30,1634,East,Mutual Funds,21835,15878,5957
2022-11-30,1987,North,Insurance,32798,8992,23806
2022-12-31,1540,East,Equity,31113,29559,1554
2021-06-30,1648,West,Bonds,24477,15778,8699
2022-08-31,1194,South,Equity,22266,8771,13495
2021-12-31,1920,South,Loans,25792,18526,7266
2021-11-30,1737,South,Mutual Funds,25452,21145,4307
2022-08-31,1331,North,Mutual Funds,48526,5435,43091
2020-12-31,1169,East,Equity,46334,8622,37712
2021-01-31,1520,West,Insurance,16889,14852,2037
2021-11-30,1462,West,Bonds,29335,16806,12529
2022-01-31,1039,North,Mutual Funds,16254,12623,3631
2022-11-30,1536,West,Loans,26074,25453,621
2022-06-30,1260,West,Loans,16442,22896,-6454
2021-05-31,1394,West,Insurance,42327,3848,38479
2021-08-31,1954,West,Mutual Funds,21199,4696,16503
2022-01-31,1225,East,Equity,12291,3717,8574
2021-10-31,1983,West,Loans,45928,21456,24472
2021-01-31,1123,South,Insurance,5112,11259,-6147
2021-07-31,1974,North,Mutual Funds,26515,4786,21729
2022-12-31,1037,East,Mutual Funds,24581,16154,8427
2020-12-31,1327,West,Mutual Funds,31500,15409,16091
2021-07-31,1250,East,Mutual Funds,37026,5791,31235
2020-12-31,1900,West,Mutual Funds,21523,27864,-6341
2020-09-30,1175,South,Loans,6424,5871,553
2020-07-31,1601,North,Insurance,24552,3806,20746
2022-04-30,1913,West,Mutual Funds,15808,19888,-4080
2021-02-28,1453,West,Bonds,43811,21692,22119
2022-07-31,1036,West,Bonds,11989,25501,-13512
2021-07-31,1315,West,Insurance,28620,15304,13316
2021-04-30,1687,North,Equity,44029,23432,20597
2020-05-31,1972,North,Equity,5887,29527,-23640
2022-11-30,1795,South,Equity,36802,26647,10155
2020-12-31,1964,North,Bonds,24488,20074,4414
2022-01-31,1972,West,Equity,35013,17549,17464
2021-09-30,1592,South,Loans,21402,27920,-6518
2022-12-31,1113,South,Mutual Funds,26205,5303,20902
2021-11-30,1039,South,Bonds,31049,21497,9552
2021-04-30,1300,West,Insurance,17253,18061,-808
2021-02-28,1223,East,Insurance,23990,27458,-3468
2022-07-31,1317,West,Mutual Funds,12846,29238,-16392
2020-05-31,1348,North,Bonds,30027,26234,3793
2022-11-30,1114,North,Equity,44200,17198,27002
2021-11-30,1697,West,Equity,8765,24800,-16035
2022-05-31,1322,West,Loans,20950,19888,1062
2020-11-30,1567,South,Loans,14741,12655,2086
2021-06-30,1039,West,Equity,27742,29129,-1387
2020-12-31,1865,South,Insurance,29703,10924,18779
2020-09-30,1039,North,Insurance,43709,11940,31769
2020-10-31,1858,South,Loans,42623,5924,36699
2021-05-31,1972,West,Mutual Funds,27931,26999,932
2020-07-31,1748,North,Equity,28580,11783,16797
2021-01-31,1288,East,Loans,20166,6485,13681
2020-09-30,1261,South,Loans,34240,14629,19611
2022-03-31,1215,North,Equity,30991,15233,15758
2020-02-29,1146,South,Equity,43556,14901,28655
2020-05-31,1335,North,Insurance,37969,26484,11485
2022-05-31,1167,North,Mutual Funds,15561,27068,-11507
2021-07-31,1091,South,Mutual Funds,21901,2191,19710
2020-08-31,1352,East,Equity,45505,27074,18431
2020-01-31,1570,North,Bonds,35020,6917,28103
2021-10-31,1570,North,Loans,30917,7831,23086
2021-05-31,1815,North,Loans,6988,27832,-20844
2020-07-31,1680,East,Equity,49505,12160,37345
2022-01-31,1780,East,Bonds,19256,22706,-3450
2020-04-30,1362,West,Insurance,27192,15682,11510
2022-12-31,1556,South,Equity,33230,28762,4468
2020-06-30,1344,East,Equity,44930,25383,19547
2022-07-31,1692,South,Loans,27625,27392,233
2021-07-31,1169,West,Equity,37088,29796,7292
2022-03-31,1355,South,Equity,19114,25666,-6552
2020-10-31,1190,East,Equity,46167,28049,18118
2022-02-28,1666,South,Loans,43401,27662,15739
2021-07-31,1421,East,Insurance,10755,14391,-3636
2020-03-31,1699,South,Insurance,15825,3874,11951
2021-01-31,1006,East,Equity,27693,11062,16631
2022-04-30,1132,East,Loans,9117,6763,2354
2021-08-31,1746,South,Insurance,29729,12234,17495
2022-04-30,1556,West,Insurance,37182,26848,10334
2020-08-31,1825,North,Insurance,33890,11221,22669
2020-01-31,1760,West,Loans,34340,13410,20930
2020-03-31,1030,South,Loans,6518,16519,-10001
2021-01-31,1534,West,Equity,35949,3051,32898
2022-04-30,1425,East,Mutual Funds,27547,14225,13322
2022-01-31,1393,North,Insurance,21346,11765,9581
2022-09-30,1671,South,Mutual Funds,7600,13382,-5782
2020-06-30,1362,South,Loans,34267,14580,19687
2022-08-31,1436,South,Loans,41322,25922,15400
2021-09-30,1669,North,Loans,31990,25795,6195
2021-04-30,1550,East,Mutual Funds,21193,13989,7204
2021-09-30,1926,South,Loans,35109,29865,5244
2020-11-30,1081,West,Equity,24233,24704,-471
2022-12-31,1355,South,Loans,21194,13939,7255
2022-11-30,1257,South,Bonds,39510,20489,19021
2021-07-31,1717,South,Mutual Funds,6306,2307,3999
2021-08-31,1588,South,Bonds,8849,26121,-17272
2021-06-30,1988,East,Loans,17360,5359,12001
2021-02-28,1523,West,Equity,34231,5176,29055
2021-03-31,1294,East,Insurance,41963,3251,38712
2022-07-31,1961,West,Loans,23689,7366,16323
2020-01-31,1223,South,Equity,34084,29323,4761
2020-03-31,1524,North,Mutual Funds,45387,19901,25486
2021-04-30,1045,East,Bonds,14280,8226,6054
2021-11-30,1666,North,Bonds,7642,23689,-16047
2020-11-30,1112,East,Bonds,47137,27954,19183
2020-12-31,1232,South,Mutual Funds,19296,24253,-4957
2020-10-31,1016,East,Equity,20438,26423,-5985
2022-08-31,1359,South,Mutual Funds,42525,16330,26195
2021-04-30,1222,East,Bonds,7994,6891,1103
2020-08-31,1865,South,Loans,39039,6992,32047
2020-12-31,1699,South,Insurance,6813,3961,2852
2021-12-31,1447,West,Mutual Funds,32491,14497,17994
2022-04-30,1855,South,Mutual Funds,23845,21247,2598
2020-08-31,1364,West,Equity,46243,12848,33395
2022-04-30,1674,South,Equity,42164,29070,13094
2022-12-31,1325,North,Mutual Funds,47051,24987,22064
2022-02-28,1466,South,Bonds,18318,15255,3063
2020-08-31,1413,North,Insurance,22200,6567,15633
2022-04-30,1454,North,Equity,5082,18079,-12997
2022-04-30,1585,South,Bonds,6920,8513,-1593
2022-12-31,1232,North,Loans,45585,17235,28350
2022-03-31,1223,West,Equity,16683,22389,-5706
2021-05-31,1993,East,Bonds,16336,13755,2581
2020-09-30,1830,South,Bonds,20596,27498,-6902
2022-09-30,1411,North,Insurance,7093,13151,-6058
2021-08-31,1571,South,Insurance,17905,18567,-662
2021-01-31,1334,West,Loans,29351,26139,3212
2022-04-30,1221,South,Bonds,35981,5358,30623
2022-05-31,1036,South,Bonds,13367,24999,-11632
2021-01-31,1988,North,Insurance,10285,11590,-1305
2022-11-30,1277,West,Equity,48664,25181,23483
2020-06-30,1195,East,Equity,42705,12988,29717
2021-06-30,1915,East,Mutual Funds,21753,27112,-5359
2020-05-31,1863,North,Insurance,23485,9678,13807
2022-01-31,1483,South,Mutual Funds,17977,7698,10279
2020-02-29,1241,North,Insurance,24874,3273,21601
2020-10-31,1323,North,Loans,12674,29543,-16869
2022-06-30,1730,North,Bonds,34038,25037,9001
2020-05-31,1191,South,Loans,34315,13241,21074
2022-09-30,1016,West,Insurance,8676,19480,-10804
2020-01-31,1523,North,Bonds,7426,11497,-4071
2021-06-30,1917,South,Equity,29473,11107,18366
2022-08-31,1400,West,Equity,7962,13273,-5311
2020-11-30,1905,North,Mutual Funds,34943,10002,24941
2021-09-30,1885,East,Insurance,5859,6247,-388
2022-02-28,1704,West,Insurance,49816,11220,38596
2022-01-31,1021,North,Equity,9138,23698,-14560
2021-10-31,1473,West,Loans,40192,28553,11639
2022-03-31,1119,West,Bonds,30640,21738,8902
2021-01-31,1209,West,Loans,15409,12703,2706
2022-09-30,1305,West,Loans,9017,17472,-8455
2022-10-31,1269,West,Equity,15451,18654,-3203
2022-11-30,1703,West,Equity,33327,19570,13757
2020-01-31,1686,North,Equity,15278,14392,886
2021-09-30,1284,East,Mutual Funds,29944,13956,15988
2020-06-30,1715,South,Loans,48764,17641,31123
2022-04-30,1675,West,Insurance,6134,15998,-9864
2021-05-31,1762,South,Bonds,35131,8305,26826
2020-05-31,1226,North,Mutual Funds,42887,20782,22105
2022-07-31,1947,West,Insurance,43462,14721,28741
2020-05-31,1380,East,Loans,27520,8995,18525
2020-03-31,1459,South,Equity,26869,14427,12442
2021-11-30,1006,West,Loans,41932,15782,26150
2020-10-31,1028,North,Bonds,10039,25683,-15644
2020-10-31,1906,East,Mutual Funds,26281,22566,3715
2021-07-31,1032,South,Mutual Funds,15442,28287,-12845
2021-05-31,1645,South,Bonds,13252,4230,9022
2021-09-30,1878,West,Insurance,32586,8511,24075
2021-02-28,1078,East,Insurance,22568,18512,4056
2020-09-30,1927,East,Mutual Funds,25810,11461,14349
2020-01-31,1946,East,Mutual Funds,6551,22056,-15505
2021-01-31,1458,East,Equity,17625,28177,-10552
2020-04-30,1569,North,Insurance,39397,6765,32632
2020-01-31,1982,East,Bonds,31249,22354,8895
2022-08-31,1537,South,Insurance,6361,25929,-19568
2022-10-31,1481,South,Equity,31149,15272,15877
2022-04-30,1429,North,Mutual Funds,9370,7552,1818
2022-07-31,1737,South,Mutual Funds,10283,2627,7656
2020-08-31,1284,South,Equity,12610,13989,-1379
2022-02-28,1515,East,Bonds,48326,15780,32546
2022-10-31,1976,South,Mutual Funds,19924,8589,11335
2020-03-31,1098,North,Loans,49717,4044,45673
2020-12-31,1396,East,Mutual Funds,15626,15171,455
2020-01-31,1488,West,Loans,39761,20725,19036
2020-05-31,1038,East,Equity,5869,7884,-2015
2022-06-30,1270,North,Equity,36552,29790,6762
2022-06-30,1886,East,Mutual Funds,6014,10185,-4171
2021-05-31,1796,East,Insurance,15103,2249,12854
2021-11-30,1156,North,Loans,21986,21309,677
2021-03-31,1074,East,Bonds,49781,23427,26354
2021-09-30,1883,North,Mutual Funds,35471,19358,16113
2021-02-28,1799,North,Bonds,38458,27901,10557
2020-02-29,1129,West,Mutual Funds,30069,25576,4493
2020-11-30,1686,South,Insurance,21873,11175,10698
2022-10-31,1973,South,Insurance,28248,27464,784
2022-10-31,1083,East,Insurance,28624,29513,-889
2021-06-30,1021,East,Insurance,48516,18260,30256
2022-06-30,1458,West,Equity,34061,28693,5368
2021-03-31,1538,West,Equity,29170,4672,24498
2022-03-31,1706,West,Loans,13024,9279,3745
2022-10-31,1848,North,Bonds,21678,25915,-4237
2022-09-30,1381,West,Mutual Funds,43256,27902,15354
2021-12-31,1747,West,Mutual Funds,25411,10662,14749
2021-03-31,1439,East,Equity,48803,3987,44816
2022-06-30,1603,West,Mutual Funds,24296,18474,5822
2021-05-31,1988,North,Equity,31293,27105,4188
2020-05-31,1020,North,Loans,32172,14948,17224
2022-05-31,1302,East,Bonds,26128,22443,3685
2020-04-30,1975,West,Loans,23257,15026,8231
2020-10-31,1868,West,Insurance,17855,4773,13082
2021-05-31,1954,North,Insurance,24642,15159,9483
2020-10-31,1083,West,Insurance,40585,11878,28707
2021-05-31,1773,West,Loans,25025,26767,-1742
2021-08-31,1658,West,Mutual Funds,9458,12178,-2720
2021-12-31,1952,South,Bonds,10307,25793,-15486
2020-05-31,1452,East,Insurance,46701,12377,34324
2022-10-31,1386,South,Insurance,23425,22824,601
2020-06-30,1506,East,Insurance,48427,9347,39080
2020-02-29,1256,North,Bonds,33273,3008,30265
2021-01-31,1569,West,Insurance,43506,5783,37723
2020-11-30,1891,East,Bonds,10668,25030,-14362
2021-11-30,1933,South,Insurance,30934,6298,24636
2021-04-30,1526,West,Loans,12697,6668,6029
2022-07-31,1161,North,Loans,29417,22671,6746
2020-11-30,1956,East,Bonds,21446,4052,17394
2021-04-30,1162,East,Loans,45597,24393,21204
2020-08-31,1831,East,Bonds,15751,29884,-14133
2020-04-30,1792,West,Loans,12352,3716,8636
2020-04-30,1791,South,Loans,18516,2310,16206
2022-01-31,1523,South,Bonds,28299,16391,11908
2020-03-31,1785,East,Mutual Funds,36957,22922,14035
2022-08-31,1270,North,Loans,33927,3260,30667
2020-03-31,1491,North,Insurance,46094,15157,30937
2022-03-31,1207,South,Mutual Funds,41412,22316,19096
2022-05-31,1538,North,Bonds,34493,13460,21033
2022-08-31,1583,South,Mutual Funds,31711,18968,12743
2021-07-31,1059,East,Equity,13003,29375,-16372
2021-09-30,1429,South,Equity,36707,26000,10707
2020-05-31,1984,South,Loans,8278,26935,-18657
2021-06-30,1656,East,Loans,12296,16011,-3715
2022-04-30,1604,North,Insurance,30398,4866,25532
2021-10-31,1308,South,Mutual Funds,40842,16365,24477
2021-09-30,1519,South,Equity,18261,7898,10363
2020-06-30,1590,East,Loans,16173,20395,-4222
2020-01-31,1026,North,Mutual Funds,35449,8251,27198
2020-05-31,1685,South,Loans,46080,6939,39141
2020-12-31,1561,East,Loans,6637,6006,631
2022-02-28,1198,South,Equity,36781,3625,33156
2022-10-31,1386,West,Equity,18652,12956,5696
2021-02-28,1348,East,Loans,10103,19274,-9171
2022-02-28,1959,North,Bonds,30500,8078,22422
2022-03-31,1939,North,Loans,39800,25420,14380
2020-09-30,1692,North,Loans,40529,10923,29606
2022-02-28,1535,North,Insurance,23452,5961,17491
2021-10-31,1827,South,Insurance,36174,20888,15286
2022-06-30,1377,South,Insurance,40436,10806,29630
2021-05-31,1898,North,Bonds,20954,22190,-1236
2022-02-28,1915,North,Bonds,22186,24484,-2298
2022-12-31,1557,North,Loans,17356,20103,-2747
2020-01-31,1526,South,Insurance,37963,15558,22405
2020-08-31,1152,North,Bonds,7187,8686,-1499
2022-11-30,1733,North,Equity,16707,3587,13120
2021-03-31,1205,West,Loans,40098,25384,14714
2021-10-31,1454,West,Mutual Funds,31935,11803,20132
2021-02-28,1272,North,Loans,26225,19280,6945
2022-02-28,1893,East,Mutual Funds,8606,23942,-15336
2022-04-30,1235,North,Insurance,37828,26853,10975
2021-11-30,1851,West,Mutual Funds,31489,23031,8458
2021-02-28,1739,East,Insurance,19387,28212,-8825
2021-12-31,1520,East,Equity,8927,12350,-3423
2020-02-29,1677,North,Mutual Funds,11296,20816,-9520
2022-02-28,1943,West,Loans,35444,22288,13156
2021-02-28,1955,West,Insurance,7591,13454,-5863
2020-07-31,1830,East,Loans,49895,17849,32046
2020-03-31,1725,North,Bonds,31147,8837,22310
2021-11-30,1500,South,Insurance,43889,3449,40440
2021-06-30,1116,South,Mutual Funds,6200,22884,-16684
2022-11-30,1385,West,Insurance,20721,7454,13267
2021-03-31,1343,South,Loans,24238,11424,12814
2022-01-31,1583,West,Equity,16087,6117,9970
2022-04-30,1394,West,Insurance,35816,10869,24947
2020-10-31,1063,West,Mutual Funds,28408,12850,15558
2021-05-31,1716,South,Bonds,44740,20412,24328
2021-10-31,1720,West,Equity,5136,16343,-11207
2022-02-28,1071,East,Bonds,22413,8845,13568
2022-01-31,1788,North,Insurance,23978,22142,1836
2021-05-31,1273,North,Loans,5661,24288,-18627
2021-01-31,1989,West,Loans,40240,6624,33616
2021-08-31,1319,North,Mutual Funds,32253,28613,3640
2022-01-31,1337,South,Loans,31884,29225,2659
2020-04-30,1365,South,Equity,37854,10848,27006
2020-10-31,1494,North,Loans,15704,18549,-2845
2020-03-31,1606,South,Mutual Funds,43987,15136,28851
2021-06-30,1165,North,Insurance,29527,22975,6552
2022-12-31,1543,North,Insurance,21322,2589,18733
2021-10-31,1010,North,Loans,11968,22908,-10940
2022-10-31,1300,West,Bonds,32518,21205,11313
2020-08-31,1728,North,Insurance,32886,8509,24377
2021-07-31,1800,West,Loans,6700,9693,-2993
2020-06-30,1101,North,Mutual Funds,33246,11454,21792
2022-02-28,1424,North,Loans,40468,18455,22013
2022-10-31,1391,North,Insurance,28199,13708,14491
2020-06-30,1778,South,Mutual Funds,49589,14942,34647
2022-09-30,1213,West,Loans,37115,21964,15151
2021-10-31,1690,West,Equity,10520,26346,-15826
2021-09-30,1087,North,Mutual Funds,49278,18652,30626
2020-06-30,1552,North,Equity,41455,11968,29487
2020-06-30,1400,South,Bonds,25929,4462,21467
2020-04-30,1587,South,Mutual Funds,46605,11460,35145
2022-06-30,1888,South,Equity,19955,3015,16940
2020-11-30,1045,West,Insurance,49049,29298,19751
2022-06-30,1671,West,Insurance,18917,11275,7642
2022-07-31,1462,West,Bonds,9757,15269,-5512
2021-12-31,1591,North,Mutual Funds,18045,26368,-8323
2020-09-30,1309,West,Mutual Funds,46680,2406,44274
2020-03-31,1085,East,Mutual Funds,9733,9384,349
2022-07-31,1091,East,Bonds,35954,24433,11521
2022-12-31,1659,South,Mutual Funds,36135,24553,11582
2021-12-31,1672,West,Insurance,12081,26366,-14285
2022-07-31,1713,East,Equity,46458,13268,33190
2020-06-30,1935,South,Insurance,28501,19369,9132
2020-02-29,1927,West,Insurance,26113,13795,12318
2021-08-31,1241,North,Equity,39441,6485,32956
2022-04-30,1864,East,Insurance,29690,10901,18789
2020-11-30,1001,North,Bonds,48939,4618,44321
2020-04-30,1224,West,Equity,34345,24673,9672
2021-03-31,1800,East,Insurance,49571,11603,37968
2020-06-30,1744,West,Loans,31829,8928,22901
2022-06-30,1972,North,Insurance,40062,7368,32694
2020-02-29,1925,East,Bonds,8630,6621,2009
2021-03-31,1928,North,Mutual Funds,36870,28061,8809
2020-11-30,1588,West,Insurance,49942,29526,20416
2020-08-31,1115,West,Mutual Funds,8453,16719,-8266
2022-02-28,1665,North,Loans,42275,13126,29149
2020-05-31,1917,East,Insurance,48370,9566,38804
2020-06-30,1102,North,Equity,43396,14306,29090
2022-02-28,1193,West,Mutual Funds,13328,23054,-9726
2020-04-30,1165,North,Loans,20534,26042,-5508
2021-07-31,1870,West,Equity,24744,17086,7658
2021-08-31,1089,North,Equity,24389,19387,5002
2022-09-30,1685,East,Equity,41320,29042,12278
2021-08-31,1121,East,Equity,40010,25888,14122
2020-12-31,1142,North,Insurance,19665,20850,-1185
2020-01-31,1993,North,Insurance,42865,28514,14351
2022-02-28,1105,East,Insurance,13640,20323,-6683
2021-02-28,1886,West,Loans,39716,20019,19697
2020-11-30,1427,East,Loans,30521,11890,18631
2022-12-31,1304,West,Loans,35049,10095,24954
2021-01-31,1871,North,Bonds,10618,24649,-14031
2020-03-31,1970,North,Loans,42004,14719,27285
2022-09-30,1316,West,Insurance,6920,12283,-5363
2020-06-30,1962,North,Insurance,48937,20279,28658
2020-10-31,1634,West,Bonds,9188,16231,-7043
2020-05-31,1901,South,Bonds,17207,24908,-7701
2021-11-30,1008,East,Loans,5238,29974,-24736
2020-10-31,1773,South,Mutual Funds,37972,16698,21274
2020-02-29,1072,West,Bonds,15799,19457,-3658
2021-01-31,1358,East,Equity,10552,7184,3368
2020-02-29,1222,West,Insurance,33916,4402,29514
2021-08-31,1415,East,Equity,9927,6895,3032
2020-01-31,1552,East,Insurance,32964,25715,7249
2020-09-30,1369,East,Insurance,16164,13404,2760
2021-05-31,1715,East,Bonds,42158,17161,24997
2020-09-30,1263,West,Bonds,24071,11343,12728
2020-11-30,1839,East,Equity,11160,12637,-1477
2021-03-31,1689,East,Insurance,20810,3956,16854
2021-12-31,1859,South,Equity,10126,9023,1103
2022-11-30,1317,North,Mutual Funds,35009,16062,18947
2022-06-30,1083,North,Equity,38584,16333,22251
2022-07-31,1317,South,Loans,30396,5907,24489
2020-05-31,1110,South,Equity,5192,2807,2385
2021-02-28,1250,West,Loans,41413,26762,14651
2020-11-30,1382,West,Loans,17816,16031,1785
2020-09-30,1006,West,Loans,44082,6827,37255
2022-10-31,1458,South,Mutual Funds,37130,15699,21431
2020-12-31,1083,South,Equity,45142,6524,38618
2022-11-30,1207,East,Equity,41468,17193,24275
2022-11-30,1899,West,Mutual Funds,35698,27883,7815
2020-01-31,1389,West,Insurance,15655,18223,-2568
2021-10-31,1313,West,Bonds,35075,20668,14407
2022-05-31,1021,North,Equity,14359,7313,7046
2020-08-31,1409,East,Bonds,41661,15598,26063
2020-11-30,1894,West,Mutual Funds,44579,15058,29521
2021-02-28,1514,West,Insurance,47056,19141,27915
2022-06-30,1126,West,Insurance,38272,6887,31385
2022-11-30,1808,North,Insurance,47581,5854,41727
2021-09-30,1699,North,Mutual Funds,19671,14458,5213
2020-05-31,1873,South,Loans,32048,28782,3266
2021-07-31,1013,East,Loans,15738,16536,-798
2021-02-28,1970,South,Bonds,30963,5558,25405
2022-02-28,1977,East,Loans,48954,11772,37182
2020-04-30,1011,North,Loans,11773,19345,-7572
2022-01-31,1086,West,Insurance,41584,22231,19353
2022-01-31,1523,South,Insurance,34894,25110,9784
2021-06-30,1908,West,Bonds,5717,5575,142
2020-08-31,1536,South,Equity,16676,27451,-10775
2021-02-28,1300,North,Bonds,9434,4418,5016
2022-08-31,1242,North,Bonds,42825,6198,36627
2022-09-30,1121,North,Mutual Funds,34100,3001,31099
2021-11-30,1146,South,Mutual Funds,9994,23628,-13634
2021-03-31,1566,East,Bonds,9234,29960,-20726
2022-09-30,1749,South,Bonds,8764,9119,-355
2022-01-31,1355,East,Bonds,48949,22450,26499
2021-05-31,1684,South,Loans,42405,21229,21176
2022-09-30,1903,South,Mutual Funds,39872,11673,28199
2020-02-29,1732,North,Bonds,47215,29877,17338
2021-02-28,1630,West,Insurance,28185,27233,952
2020-06-30,1308,West,Insurance,48442,7316,41126
2020-06-30,1694,East,Loans,46153,18244,27909
2020-03-31,1287,West,Loans,16999,29356,-12357
2020-07-31,1306,South,Equity,41487,18806,22681
2020-08-31,1811,South,Equity,7581,25099,-17518
2021-03-31,1593,North,Equity,7763,13873,-6110
2022-05-31,1965,North,Loans,32374,6266,26108
2022-09-30,1913,West,Loans,43759,9549,34210
2022-06-30,1722,East,Loans,15531,24700,-9169
2022-03-31,1661,West,Insurance,30307,21094,9213
2022-12-31,1548,West,Loans,35835,27028,8807
2022-05-31,1351,West,Insurance,16064,12589,3475
2022-09-30,1311,West,Equity,16312,26453,-10141
2022-03-31,1872,South,Equity,42548,28551,13997
2022-09-30,1058,East,Equity,41945,3657,38288
2020-04-30,1642,South,Bonds,11476,20925,-9449
2021-10-31,1923,East,Bonds,29565,8763,20802
2020-02-29,1713,North,Mutual Funds,7382,21459,-14077
2020-10-31,1754,West,Mutual Funds,27463,5164,22299
2020-05-31,1034,South,Mutual Funds,38402,29542,8860
2020-10-31,1444,East,Bonds,31345,20437,10908
2022-09-30,1092,North,Bonds,49764,10479,39285
2021-01-31,1949,North,Mutual Funds,31946,7737,24209
2022-07-31,1958,West,Mutual Funds,19162,21601,-2439
2022-12-31,1206,East,Loans,13397,19831,-6434
2021-12-31,1352,South,Mutual Funds,27335,8009,19326
2021-03-31,1902,West,Loans,19394,18991,403
2022-05-31,1331,South,Insurance,32197,6552,25645
2020-08-31,1816,North,Bonds,27010,20148,6862
2020-05-31,1861,South,Mutual Funds,29123,11417,17706
2022-05-31,1724,South,Bonds,27387,27811,-424
2020-04-30,1158,West,Bonds,7890,11221,-3331
2020-12-31,1953,South,Bonds,32769,4671,28098
2020-02-29,1956,West,Insurance,48626,8519,40107
2022-03-31,1023,North,Equity,13026,5962,7064
2022-07-31,1403,West,Mutual Funds,8306,14734,-6428
2022-12-31,1804,West,Equity,38665,15122,23543
2022-12-31,1515,East,Equity,14277,21561,-7284
2022-02-28,1731,South,Equity,47239,5722,41517
2022-03-31,1363,North,Bonds,19683,6906,12777
2020-05-31,1381,West,Loans,5670,9263,-3593
2021-08-31,1531,North,Bonds,28675,15699,12976
2020-11-30,1955,East,Bonds,22889,23438,-549
2020-10-31,1151,South,Equity,49535,28051,21484
2020-06-30,1561,West,Bonds,18006,13088,4918
2020-08-31,1688,South,Equity,31531,2808,28723
2021-11-30,1946,East,Loans,26639,11170,15469
2022-02-28,1607,East,Mutual Funds,21633,18260,3373
2020-12-31,1616,North,Equity,39660,29039,10621
2022-02-28,1419,West,Loans,8439,19109,-10670
2021-01-31,1249,North,Mutual Funds,37172,12693,24479
2021-06-30,1116,East,Insurance,40622,29938,10684
2022-01-31,1865,South,Equity,16577,9701,6876
2022-09-30,1511,North,Equity,16763,19600,-2837
2020-12-31,1739,North,Insurance,25176,22435,2741
2022-12-31,1577,South,Insurance,49386,20581,28805
2020-04-30,1334,North,Equity,29255,16191,13064
2020-05-31,1417,South,Insurance,46003,21190,24813
2020-08-31,1931,West,Bonds,24996,27354,-2358
2022-04-30,1773,South,Mutual Funds,40386,19356,21030
2022-07-31,1294,West,Mutual Funds,26062,29386,-3324
2020-09-30,1937,South,Mutual Funds,40931,24018,16913
2022-05-31,1754,East,Bonds,40710,15704,25006
2021-02-28,1370,East,Insurance,39693,25867,13826
2021-10-31,1185,West,Loans,40740,4123,36617
2020-11-30,1245,West,Insurance,16705,27174,-10469
2021-11-30,1636,East,Equity,48408,13533,34875
2020-01-31,1267,West,Mutual Funds,33047,18608,14439
2021-09-30,1642,South,Insurance,15966,16448,-482
2022-02-28,1236,South,Loans,22374,16586,5788
2022-12-31,1529,East,Equity,16138,27416,-11278
2021-11-30,1551,North,Bonds,20935,3814,17121
2020-01-31,1020,South,Bonds,5489,15001,-9512
2021-03-31,1910,West,Loans,49516,19490,30026
2021-09-30,1736,North,Equity,27260,18508,8752
2020-09-30,1866,North,Mutual Funds,31069,21630,9439
2020-09-30,1793,South,Insurance,24275,15380,8895
2020-10-31,1519,South,Equity,41284,17406,23878
2022-02-28,1099,North,Bonds,44178,4931,39247
2022-11-30,1751,North,Loans,37821,15567,22254
2022-01-31,1477,East,Loans,21999,16038,5961
2022-02-28,1598,West,Insurance,43712,14317,29395
2020-11-30,1297,East,Loans,45172,4971,40201
2020-02-29,1939,South,Loans,38722,4017,34705
2020-07-31,1525,East,Equity,15625,25799,-10174
2021-06-30,1333,East,Mutual Funds,6629,4415,2214
2022-03-31,1001,East,Insurance,15973,21480,-5507
2022-10-31,1374,East,Equity,11859,3609,8250
2022-03-31,1292,West,Mutual Funds,46609,2717,43892
2021-05-31,1836,West,Equity,48307,21945,26362
2021-12-31,1933,North,Equity,41046,27592,13454
2022-01-31,1552,South,Loans,26839,14662,12177
2020-07-31,1317,East,Mutual Funds,32216,8782,23434
2020-06-30,1501,North,Insurance,23945,28536,-4591
2021-12-31,1827,North,Insurance,11539,3048,8491
2022-09-30,1380,North,Mutual Funds,38625,27933,10692
2022-05-31,1622,West,Loans,9886,13618,-3732
2021-10-31,1013,East,Bonds,12485,10307,2178
2022-02-28,1503,East,Equity,36455,28671,7784
2022-04-30,1230,South,Loans,21767,9905,11862
2021-09-30,1984,East,Mutual Funds,33453,11993,21460
2020-07-31,1083,East,Equity,15744,12338,3406
2021-05-31,1129,North,Insurance,42102,7578,34524
2021-08-31,1742,South,Bonds,17226,15834,1392
2021-08-31,1837,East,Insurance,32869,20004,12865
2021-10-31,1144,West,Mutual Funds,27588,8548,19040
2022-04-30,1890,East,Equity,18440,9381,9059
2020-07-31,1856,North,Mutual Funds,36709,23164,13545
2020-01-31,1027,West,Equity,27495,29526,-2031
2022-08-31,1065,North,Loans,42019,22176,19843
2021-01-31,1162,East,Bonds,49948,4941,45007
2022-06-30,1228,West,Loans,5922,7695,-1773
2021-11-30,1260,South,Loans,32526,8401,24125
2021-07-31,1448,South,Mutual Funds,12957,17179,-4222
2022-08-31,1423,West,Bonds,38998,16456,22542
2022-06-30,1459,West,Equity,48395,15097,33298
2022-05-31,1951,North,Equity,29031,27553,1478
2022-05-31,1675,West,Insurance,15006,8197,6809
2022-06-30,1300,North,Equity,42701,29642,13059
2021-04-30,1918,East,Mutual Funds,30939,7450,23489
2021-07-31,1302,North,Loans,25324,27359,-2035
2021-06-30,1286,West,Loans,27867,26816,1051
2020-01-31,1394,West,Loans,5203,24258,-19055
2021-02-28,1009,East,Bonds,21544,19937,1607
2020-02-29,1706,West,Equity,20899,19396,1503
2022-04-30,1629,West,Mutual Funds,34063,10378,23685
2022-06-30,1269,South,Bonds,30344,3881,26463
2020-04-30,1591,South,Insurance,8748,8799,-51
2020-01-31,1969,East,Mutual Funds,44486,16597,27889
2020-08-31,1604,North,Mutual Funds,6093,15675,-9582
2022-05-31,1777,South,Mutual Funds,20228,6586,13642
2020-03-31,1843,North,Loans,25884,27006,-1122
2022-08-31,1861,West,Mutual Funds,30183,10430,19753
2020-10-31,1360,South,Equity,21034,24831,-3797
2020-10-31,1256,East,Mutual Funds,10710,4345,6365
2021-07-31,1132,East,Loans,47500,18459,29041
2022-10-31,1275,East,Mutual Funds,24259,11548,12711
2022-09-30,1775,South,Insurance,40959,7877,33082
2021-11-30,1682,North,Insurance,38457,8785,29672
2022-04-30,1971,West,Loans,25143,17833,7310
2022-08-31,1512,North,Equity,7103,6922,181
2020-07-31,1312,North,Equity,5365,26474,-21109
2022-05-31,1575,West,Bonds,49535,20714,28821
2020-08-31,1885,West,Loans,21103,6686,14417
2020-01-31,1979,South,Mutual Funds,37510,16407,21103
2020-03-31,1283,South,Loans,29476,20286,9190
2021-12-31,1120,South,Bonds,17742,14205,3537
2021-11-30,1106,South,Loans,17391,23054,-5663
2020-08-31,1932,South,Loans,41940,25527,16413
2020-03-31,1686,West,Bonds,33901,15179,18722
2022-09-30,1996,North,Equity,37001,20443,16558
2022-04-30,1203,South,Mutual Funds,20623,18524,2099
2020-08-31,1164,South,Bonds,7378,20173,-12795
2022-10-31,1304,North,Insurance,26372,2016,24356
2022-11-30,1496,South,Equity,49799,15374,34425
2022-08-31,1631,North,Insurance,43437,18848,24589
2021-12-31,1555,North,Equity,40503,22855,17648
2021-02-28,1823,West,Mutual Funds,35746,20211,15535
2022-08-31,1155,East,Mutual Funds,32923,29604,3319
2021-04-30,1366,West,Loans,14867,27095,-12228
2020-04-30,1718,East,Insurance,46258,7956,38302
2021-09-30,1901,East,Equity,38724,18473,20251
2021-02-28,1619,East,Mutual Funds,14306,6815,7491
2022-07-31,1250,South,Bonds,44391,21235,23156
2021-06-30,1956,West,Mutual Funds,19908,4843,15065
2020-07-31,1915,East,Bonds,32081,28460,3621
2020-10-31,1881,North,Equity,42228,17972,24256
2020-07-31,1333,South,Mutual Funds,28386,27501,885
2022-09-30,1641,West,Mutual Funds,33302,24927,8375
2021-11-30,1968,East,Equity,24212,24285,-73
